@article{groupsparsity,
	title={Structured variable selection with sparsity-inducing norms},
	author={Jenatton, Rodolphe and Audibert, Jean-Yves and Bach, Francis},
	journal={Journal of Machine Learning Research},
	volume={12},
	number={Oct},
	pages={2777--2824},
	year={2011}
}

@inproceedings{sparsepca,
	title={Structured sparse principal component analysis},
	author={Jenatton, Rodolphe and Obozinski, Guillaume and Bach, Francis},
	booktitle={Proceedings of the Thirteenth International Conference on Artificial
		Intelligence and Statistics},
	pages={366--373},
	year={2010}
}

@inproceedings{CAM,
	title={Learning deep features for discriminative localization},
	author={Zhou, Bolei and Khosla, Aditya and Lapedriza, Agata and Oliva, Aude and Torralba,
		Antonio},
	booktitle={Proceedings of the IEEE Conference on Computer Vision and Pattern Recognition},
	pages={2921--2929},
	year={2016}
}
